@misc{abumeeizUsingUCLADigital2020b,
  type = {Tutorial},
  title = {Using the {{UCLA Digital Library}}},
  author = {Abumeeiz, Salma and Ravaei, Kian and Sutherland, Hannah},
  year = {2020},
  month = oct,
  journal = {WI+RE - Quick and practical research and writing tutorials, collaboratively designed by students at UCLA.},
  urldate = {2020-10-09},
  abstract = {Learn how to access the UCLA Digital Library (DL), the different kinds of materials available through the DL, and how to familiarize yourself with and search through the collections using the DL homepage.},
  copyright = {Creative Commons Attribution-NonCommercial-ShareAlike},
  howpublished = {https://uclalibrary.github.io/research-tips/digital\_library/},
  langid = {english},
  file = {/Users/Matt/Zotero/storage/AUVYD4DQ/digital_library.html}
}

@article{johnsonAllHumanBeingsa,
  title = {``{{All}} Human Beings, as We Meet Them, Are Commingled out of Good and Evil'': {{Connections}} between {{Person}} and {{Place}} in {{Wuthering Heights}}},
  author = {Johnson, Matthew Weirick},
  journal = {Philologia},
  urldate = {2020-03-01},
  file = {/Users/Matt/Zotero/storage/JXKTNBG7/ph.v8i0.162.html}
}

@misc{johnsonBookReviewCritical2019,
  title = {Book {{Review}}: {{Critical Approaches}} to {{Credit-Bearing Information Literacy Courses}} (2019)},
  shorttitle = {Book {{Review}}},
  author = {Johnson, Matthew Weirick},
  year = {2019},
  month = may,
  journal = {The Librarian Parlor},
  urldate = {2020-03-01},
  abstract = {Matthew Weirick Johnson, LibParlor Contributing Editor, discusses their favorite chapters, the use of critical reflection, and},
  langid = {english},
  annotation = {Matthew Weirick Johnson, LibParlor Contributing Editor, discusses their favorite chapters, the use of critical reflection, and},
  file = {/Users/Matt/Zotero/storage/RVVGKRTM/book-review-critical-approaches-to-credit-bearing-information-literacy-courses.html}
}

@misc{johnsonBookReviewLibrary2020,
  title = {Book {{Review}}: {{Library Trends Issue}}: {{Labor}} in {{Academic Libraries}}},
  shorttitle = {Book {{Review}}},
  author = {Johnson, Matthew Weirick},
  year = {2020},
  month = mar,
  journal = {The Librarian Parlor},
  urldate = {2020-03-02},
  abstract = {Diverging from only reviewing books, Matthew Weirick Johnson explores the recent issue of Library Trends.},
  langid = {english},
  annotation = {Diverging from only reviewing books, Matthew Weirick Johnson explores the recent issue of Library Trends.},
  file = {/Users/Matt/Zotero/storage/RYHTWYSQ/book-review-library-trends-issue-labor-in-academic-libraries.html}
}

@misc{johnsonBookReviewMasked2019,
  title = {Book {{Review}}: {{Masked}} by {{Trust}}: {{Bias}} in {{Library Discovery}}},
  shorttitle = {Book {{Review}}},
  author = {Johnson, Matthew Weirick},
  year = {2019},
  month = aug,
  journal = {The Librarian Parlor},
  urldate = {2020-02-24},
  abstract = {Masked by Trust: Bias in Library Discovery (2019), written by Matthew Reidsma, Web Services Librarian at Grand Valley State University, and published by Library Juice Press, an imprint of Litwin Books, takes the burgeoning literature in critical algorithm studies and applies it to library discovery systems.},
  langid = {english},
  annotation = {Masked by Trust: Bias in Library Discovery (2019), written by Matthew Reidsma, Web Services Librarian at Grand Valley State University, and published by Library Juice Press, an imprint of Litwin Bo{\dots}},
  file = {/Users/Matt/Zotero/storage/9XFN52IP/book-review-masked-by-trust-bias-in-library-discovery.html}
}

@misc{johnsonFindingUsingKeywords2020a,
  type = {Tutorial},
  title = {Finding and {{Using Keywords}} in {{Context}}},
  author = {Johnson, Matthew and Abumeeiz, Salma and Sutherland, Hannah},
  year = {2020},
  month = jul,
  journal = {WI+RE - Quick and practical research and writing tutorials, collaboratively designed by students at UCLA.},
  urldate = {2020-07-27},
  abstract = {Language changes over time and groups of people may refer to the same thing using different words. Learn how to use a variety of keywords when searching for resources!},
  copyright = {Creative Commons Attribution-NonCommercial-ShareAlike},
  howpublished = {https://uclalibrary.github.io/research-tips/finding-and-using-keywords-in-context/},
  langid = {english},
  file = {/Users/Matt/Zotero/storage/H7EUNRLM/finding-and-using-keywords-in-context.html}
}

@misc{johnsonLibraryInstructionGuidelines2020a,
  title = {Library {{Instruction Guidelines}} {\textbar} {{UCLA Library}}},
  author = {Johnson, Matthew and Abumeeiz, Salma and Brasseur, Michelle and Kapsidelis, Katherine},
  year = {2020},
  month = jun,
  journal = {UCLA Library},
  urldate = {2020-07-27},
  howpublished = {https://www.library.ucla.edu/support/support-instructors/library-instruction-guidelines},
  file = {/Users/Matt/Zotero/storage/ZVMDLHR6/library-instruction-guidelines.html}
}

@article{johnsonPersonalHealthData2017a,
  title = {Personal {{Health Data}}, {{Surveillance}} \& {{Biopolitics}}: {{Toward}} a {{Personal Heatlh Data Information Literacy}}},
  author = {Johnson, Matthew Weirick},
  year = {2017/2018},
  journal = {Progressive Librarian},
  volume = {46},
  pages = {150--158},
  langid = {english},
  file = {/Users/Matt/Library/CloudStorage/Box-Box/Work Laptop Documents/zotero-files/zotero-pdfs/JohnsonM (2017) Personal Health Data, Surveillance & Biopolitics.pdf}
}

@misc{sutherlandResourcesRemoteStudent2020a,
  type = {Handout},
  title = {Resources for {{Remote Student Success}}},
  author = {Sutherland, Hannah and Abumeeiz, Salma},
  year = {2020},
  month = jun,
  journal = {WI+RE - Quick and practical research and writing tutorials, collaboratively designed by students at UCLA.},
  urldate = {2020-07-27},
  abstract = {The UCLA Library is here to help you stay connected during your remote term. Learn how to access articles, books, and research support, as well as services, tips, and software you can utilize to stay connected to peers and the Library.},
  copyright = {Creative Commons Attribution-NonCommercial-ShareAlike},
  howpublished = {https://uclalibrary.github.io/research-tips/handouts/RemoteResources/},
  langid = {english},
  file = {/Users/Matt/Zotero/storage/VHHRVWVF/RemoteResources.html}
}

@misc{worshamRemoteAccessGet2020a,
  type = {Tutorial},
  title = {Remote {{Access}} - {{Get}} Configured with {{VPN}} or {{Proxy}}},
  author = {Worsham, Doug and Brooks, Nadia and {Lima-Sabatini}, Michael and Pham, Kate and Selzer, Natalie and Ravaei, Kian and Sutherland, Hannah and Borovsky, Zoe and Martin, Scott and Page, Sylvia},
  year = {2020},
  month = apr,
  journal = {WI+RE - Quick and practical research and writing tutorials, collaboratively designed by students at UCLA.},
  urldate = {2020-07-27},
  abstract = {Configure your Mac, Windows, or Chromebook computer with VPN or Proxy to access the library's many resources.},
  copyright = {Creative Commons Attribution-NonCommercial-ShareAlike},
  howpublished = {https://uclalibrary.github.io/research-tips/get-configured/},
  langid = {english},
  file = {/Users/Matt/Zotero/storage/FMSPK7Y7/get-configured.html}
}

@misc{worshamYourRemoteEBook2020b,
  type = {Tutorial},
  title = {Your {{Remote eBook Roadmap}}},
  author = {Worsham, Doug and Lopez, Chris and Page, Sylvia and Johnson, Matthew and Ravaei, Kian and Ramirez, Katherine and {Lima-Sabatini}, Michael and Bicho, Ariane},
  year = {2020},
  month = may,
  journal = {WI+RE - Quick and practical research and writing tutorials, collaboratively designed by students at UCLA.},
  urldate = {2020-07-27},
  abstract = {Need a book? We've got you covered! Follow this roadmap to find e-Books on reserve and through UCLA Library, HathiTrust, and the National Emergency Library.},
  copyright = {Creative Commons Attribution-NonCommercial-ShareAlike},
  howpublished = {https://uclalibrary.github.io/research-tips/ebook-access/},
  langid = {english},
  file = {/Users/Matt/Zotero/storage/PXCFALJN/ebook-access.html}
}
